<?xml version="1.0" encoding="UTF-8"?><collection xmlns="http://www.loc.gov/MARC21/slim"><record><leader>00506nam--2200169-i-4500</leader><controlfield tag="001">000039337</controlfield><controlfield tag="002">20161230</controlfield><controlfield tag="005">20161230201042</controlfield><controlfield tag="008">060222s1000------------r-----000-0-eng-d</controlfield><datafield ind1=" " ind2=" " tag="040"><subfield code="a">IFIN-HH</subfield></datafield><datafield ind1=" " ind2=" " tag="080"><subfield code="a">532.5+533.6</subfield></datafield><datafield ind1="1" ind2=" " tag="100"><subfield code="a">Prandtl, Ludwig</subfield></datafield><datafield ind1="1" ind2="0" tag="245"><subfield code="a">Essentials of fluid dynamics</subfield><subfield code="b">With applications to hydraulic, aeronautics meteorology and other subjects</subfield></datafield><datafield ind1=" " ind2=" " tag="260"><subfield code="a">London And Glasgow, Blackie &amp; Son Ltd., 1949,</subfield></datafield><datafield ind1=" " ind2=" " tag="300"><subfield code="a">X + 452P</subfield></datafield><datafield ind1=" " ind2=" " tag="852"><subfield code="a">10405</subfield><subfield code="c">532</subfield></datafield><datafield ind1=" " ind2=" " tag="CAT"><subfield code="a">Sys</subfield><subfield code="c">20100712</subfield><subfield code="h">151253</subfield></datafield></record></collection>